@article{anandkumar2014tensor,
  title={Tensor decompositions for learning latent variable models.},
  author={Anandkumar, Animashree and Ge, Rong and Hsu, Daniel J and Kakade, Sham M and Telgarsky, Matus},
  journal={Journal of Machine Learning Research},
  volume={15},
  number={1},
  pages={2773--2832},
  year={2014}
}
@article{balle2014spectral,
  title={Spectral learning of weighted automata},
  author={Balle, Borja and Carreras, Xavier and Luque, Franco M and Quattoni, Ariadna},
  journal={Machine Learning},
  volume={96},
  number={1-2},
  pages={33--63},
  year={2014},
  publisher={Springer}
}