@article{minka2003comparison,
  title={A comparison of numerical optimizers for logistic regression},
  author={Minka, Thomas P},
  journal={Unpublished draft},
  year={2003}
}